<record><leader>00000cas a2200000 a 4500</leader><controlfield tag="001">18083523</controlfield><controlfield tag="008">880614d17911914ctuwr nec     0    0eng c</controlfield><datafield ind1=" " ind2=" " tag="010"><subfield code="a">sn 97070757 </subfield></datafield><datafield ind1=" " ind2=" " tag="040"><subfield code="a">EEM</subfield><subfield code="b">eng</subfield><subfield code="c">EEM</subfield><subfield code="d">MHN</subfield><subfield code="d">OCL</subfield><subfield code="d">OCLCG</subfield><subfield code="d">BUF</subfield><subfield code="d">OCLCQ</subfield></datafield><datafield ind1=" " ind2=" " tag="042"><subfield code="a">pcc</subfield></datafield><datafield ind1="1" ind2="4" tag="050"><subfield code="a">AP2.A2</subfield><subfield code="b">A63 Box 86</subfield></datafield><datafield ind1="0" ind2=" " tag="130"><subfield code="a">Connecticut courant (Hartford, Conn. : 1791)</subfield></datafield><datafield ind1="1" ind2="4" tag="245"><subfield code="a">The Connecticut courant.</subfield></datafield><datafield ind1="3" ind2="0" tag="246"><subfield code="a">Weekly courant</subfield></datafield><datafield ind1=" " ind2=" " tag="260"><subfield code="a">Hartford [Conn.] :</subfield><subfield code="b">Printed by Hudson &amp; Goodwin,</subfield><subfield code="c">1791-</subfield></datafield><datafield ind1=" " ind2=" " tag="300"><subfield code="a">volumes :</subfield><subfield code="b">illustrations</subfield></datafield><datafield ind1=" " ind2=" " tag="310"><subfield code="a">Semiweekly,</subfield><subfield code="b">Dec. 13, 1894-1914</subfield></datafield><datafield ind1=" " ind2=" " tag="321"><subfield code="a">Weekly,</subfield><subfield code="b">1791-Dec. 6, 1894</subfield></datafield><datafield ind1=" " ind2=" " tag="336"><subfield code="a">text</subfield><subfield code="b">txt</subfield><subfield code="2">rdacontent</subfield></datafield><datafield ind1=" " ind2=" " tag="337"><subfield code="a">microform</subfield><subfield code="b">h</subfield><subfield code="2">rdamedia</subfield></datafield><datafield ind1=" " ind2=" " tag="338"><subfield code="a">microopaque</subfield><subfield code="b">hg</subfield><subfield code="2">rdacarrier</subfield></datafield><datafield ind1="0" ind2=" " tag="362"><subfield code="a">Vol. 27, no. 1365 (Mar. 21, 1791)-v. 109, no. 542, 085 (Jan. 3, 1874); v. 109, no. 2 (Jan. 10, 1874)-v. 149, no. 86 (Oct. 29, 1914).</subfield></datafield><datafield ind1=" " ind2=" " tag="500"><subfield code="a">Imprint varies: Printed by George Goodwin &amp; Sons, 1815-1822; G. Goodwin, 1822-1823; Goodwin &amp; Co., 1823-1836; John L. Boswell, 1836-1849; Boswell &amp; Faxon, 1850-1855; Thomas M. Day, 1855-1857; Day &amp; Clark, 1857-1864; A.N. Clark &amp; Co., 1865-1866; Hawley, Goodrich &amp; Co., 1867-1869; J.R. Hawley &amp; Co., 1869; Hawley, Goodrich &amp; Co., 1870-&lt;1876&gt;.</subfield></datafield><datafield ind1=" " ind2=" " tag="500"><subfield code="a">"Federalist," 1791-&lt;1815&gt;; "Whig, " &lt;1815-1850&gt;; "Republican, " &lt;1850-1876&gt;. Cf. Smith, J.E. One hundred years of Hartford's Courant.</subfield></datafield><datafield ind1=" " ind2=" " tag="500"><subfield code="a">Editors: John L. Boswell, Chauncey Howard, &lt;1843&gt;; Thomas M. Day, &lt;1855&gt;-1870; J.R. Hawley, 1870-&lt;1876&gt;.</subfield></datafield><datafield ind1=" " ind2=" " tag="525"><subfield code="a">Issued a biweekly supplement.</subfield></datafield><datafield ind1=" " ind2=" " tag="533"><subfield code="a">Microopaque.</subfield><subfield code="b">New York.</subfield><subfield code="c">Readex Microprint: American Antiquarian Society,</subfield><subfield code="d">1975.</subfield><subfield code="e">224 microopaques.</subfield><subfield code="f">(Early American newspapers, 1704-1820).</subfield></datafield><datafield ind1="1" ind2=" " tag="700"><subfield code="a">Hudson, Barzillai,</subfield><subfield code="d">1741-1823.</subfield></datafield><datafield ind1="1" ind2=" " tag="700"><subfield code="a">Goodwin, George,</subfield><subfield code="d">1757-1844.</subfield></datafield><datafield ind1="1" ind2=" " tag="700"><subfield code="a">Goodwin, George,</subfield><subfield code="d">1786-1878.</subfield></datafield><datafield ind1="1" ind2=" " tag="700"><subfield code="a">Goodwin, Henry,</subfield><subfield code="d">1793-1844.</subfield></datafield><datafield ind1="1" ind2=" " tag="700"><subfield code="a">Goodwin, Richard Edwards,</subfield><subfield code="d">1782-1838.</subfield></datafield><datafield ind1="1" ind2=" " tag="700"><subfield code="a">Day, Thomas M.</subfield></datafield><datafield ind1="1" ind2=" " tag="700"><subfield code="a">Hawley, Joseph R.</subfield><subfield code="q">(Joseph Roswell),</subfield><subfield code="d">1826-1905.</subfield></datafield><datafield ind1=" " ind2=" " tag="752"><subfield code="a">United States</subfield><subfield code="b">Connecticut</subfield><subfield code="c">Hartford</subfield><subfield code="d">Hartford.</subfield></datafield><datafield ind1="0" ind2=" " tag="775"><subfield code="t">Daily courant (Hartford, Conn.)</subfield></datafield><datafield ind1="0" ind2=" " tag="775"><subfield code="t">Hartford daily courant</subfield></datafield><datafield ind1="0" ind2=" " tag="775"><subfield code="t">Hartford evening press</subfield></datafield><datafield ind1="0" ind2=" " tag="775"><subfield code="t">Hartford courant</subfield></datafield><datafield ind1="1" ind2=" " tag="776"><subfield code="c">Original</subfield><subfield code="w">(DLC)sn 84023856</subfield><subfield code="w">(OCoLC)11079198</subfield></datafield><datafield ind1="0" ind2="0" tag="780"><subfield code="t">Connecticut courant and the weekly intelligencer</subfield><subfield code="w">(OCoLC)18083534</subfield></datafield><datafield ind1="0" ind2="5" tag="780"><subfield code="t">Evening journal</subfield><subfield code="g">1845</subfield></datafield><datafield ind1="0" ind2="5" tag="780"><subfield code="t">Connecticut Whig (Hartford, Conn.)</subfield><subfield code="g">1849</subfield></datafield><datafield ind1="0" ind2="5" tag="780"><subfield code="t">Connecticut press</subfield><subfield code="g">1866</subfield></datafield><datafield ind1=" " ind2="0" tag="830"><subfield code="a">Early American newspapers, 1704-1820.</subfield></datafield><datafield ind1="1" ind2=" " tag="029"><subfield code="a">AU@</subfield><subfield code="b">000013446418</subfield></datafield></record>